@article{pagadala2023germline,
  title = {Germline modifiers of the tumor immune microenvironment implicate drivers of cancer risk and immunotherapy response},
  author = {Meghana Pagadala and Timothy J Sears and Victoria H Wu and Eva P{\a'e}rez-Guijarro and Hyo Kim and Andrea Castro and James V Talwar and Cristian Gonzalez-Colin and Steven Cao and Benjamin J Schmiedel and Shervin Goudarzi and Divya Kirani and Jessica Au and Tongwu Zhang and Teresa Landi and Rany M Salem and Gerald P Morris and Olivier Harismendy and Sandip Pravin Patel and Ludmil B Alexandrov and Jill P Mesirov and Maurizio Zanetti and Chi-Ping Day and Chun Chieh Fan and Wesley K Thompson and Glenn Merlino and J Silvio Gutkind and Pandurangan Vijayanand and Hannah Carter},
  year = {2023},
  month = {May},
  journal = {Nature communications},
  volume = {14},
  number = {1},
  pages = {2744},
  eprint = {37173324},
  doi = {10.1038/s41467-023-38271-5},
  archiveprefix = {pubmed},
}

@article{schmiedel2022single,
  title = {Single-cell eQTL analysis of activated T cell subsets reveals activation and cell type-dependent effects of disease-risk variants},
  author = {Benjamin J Schmiedel and Cristian Gonzalez-Colin and Vicente Fajardo and Job Rocha and Ariel Madrigal and Ciro Ram{\a'\i}rez-Su{\a'a}stegui and Sourya Bhattacharyya and Hayley Simon and Jason A Greenbaum and Bjoern Peters and Gr{\a'e}gory Seumois and Ferhat Ay and Vivek Chandra and Pandurangan Vijayanand},
  year = {2022},
  month = {Feb},
  journal = {Science immunology},
  volume = {7},
  number = {68},
  pages = {eabm2508},
  eprint = {35213211},
  doi = {10.1126/sciimmunol.abm2508},
  archiveprefix = {pubmed},
}

@article{schmiedel2021covid,
  title = {COVID-19 genetic risk variants are associated with expression of multiple genes in diverse immune cell types},
  author = {Benjamin J Schmiedel and Job Rocha and Cristian Gonzalez-Colin and Sourya Bhattacharyya and Ariel Madrigal and Christian H Ottensmeier and Ferhat Ay and Vivek Chandra and Pandurangan Vijayanand},
  year = {2021},
  month = {Nov},
  journal = {Nature communications},
  volume = {12},
  number = {1},
  pages = {6760},
  eprint = {34799557},
  doi = {10.1038/s41467-021-26888-3},
  archiveprefix = {pubmed},
}

@article{chandra2021promoter,
  title = {Promoter-interacting expression quantitative trait loci are enriched for functional genetic variants},
  author = {Vivek Chandra and Sourya Bhattacharyya and Benjamin J Schmiedel and Ariel Madrigal and Cristian Gonzalez-Colin and Stephanie Fotsing and Austin Crinklaw and Gregory Seumois and Pejman Mohammadi and Mitchell Kronenberg and Bjoern Peters and Ferhat Ay and Pandurangan Vijayanand},
  year = {2021},
  month = {Jan},
  journal = {Nature genetics},
  volume = {53},
  number = {1},
  pages = {110-119},
  eprint = {33349701},
  doi = {10.1038/s41588-020-00745-3},
  archiveprefix = {pubmed},
}

@article{mndezcruz2020knowledge,
  title = {Knowledge extraction for assisted curation of summaries of bacterial transcription factor properties},
  author = {Carlos-Francisco M{\a'e}ndez-Cruz and Antonio Blanchet and Alan God{\a'\i}nez and Ignacio Arroyo-Fern{\a'a}ndez and Socorro Gama-Castro and Sara Berenice Mart{\a'\i}nez-Luna and Cristian Gonz{\a'a}lez-Col{\a'\i}n and Julio Collado-Vides},
  year = {2020},
  month = {Dec},
  journal = {Database : the journal of biological databases and curation},
  volume = {2020},
  eprint = {33306798},
  doi = {10.1093/database/baaa109},
  archiveprefix = {pubmed},
}

@article{schmiedel2020covid,
  title = {COVID-19 genetic risk variants are associated with expression of multiple genes in diverse immune cell types},
  author = {Benjamin J Schmiedel and Vivek Chandra and Job Rocha and Cristian Gonzalez-Colin and Sourya Bhattacharyya and Ariel Madrigal and Christian H Ottensmeier and Ferhat Ay and Pandurangan Vijayanand},
  year = {2020},
  month = {Dec},
  journal = {bioRxiv : the preprint server for biology},
  eprint = {33299987},
  doi = {10.1101/2020.12.01.407429},
  archiveprefix = {pubmed},
}
